@inproceedings{Graham:1982:GCG:800230.806987,
 author = {Graham, Susan L. and Kessler, Peter B. and Mckusick, Marshall K.},
 title = {Gprof: A Call Graph Execution Profiler},
 booktitle = {Proceedings of the 1982 SIGPLAN Symposium on Compiler Construction},
 series = {SIGPLAN '82},
 year = {1982},
 isbn = {0-89791-074-5},
 location = {Boston, Massachusetts, USA},
 pages = {120--126},
 numpages = {7},
 url = {http://doi.acm.org/10.1145/800230.806987},
 doi = {10.1145/800230.806987},
 acmid = {806987},
 publisher = {ACM},
 address = {New York, NY, USA},
} 

@Manual{CantyRipley:Boot,
  title = {boot: Bootstrap R (S-Plus) Functions},
  author = {Angelo Canty and B. D. Ripley},
  year = {2017},
  note = {R package version 1.3-20},
}

@Manual{Gentleman:graph,
  title = {graph: graph: A package to handle graph data structures},
  author = {R. Gentleman and Elizabeth Whalen and W. Huber and S. Falcon},
  year = {2017},
  note = {R package version 1.54.0},
}

@Manual{Gentry:Rgraphviz,
  title = {Rgraphviz: Provides plotting capabilities for R graph objects},
  author = {Kasper Daniel Hansen and Jeff Gentry and Li Long and
            Robert Gentleman and Seth Falcon and Florian Hahne and
	    Deepayan Sarkar},
  year = {2017},
  note = {R package version 2.20.0},
}

@Manual{Verzani:gWidgets2,
  title = {gWidgets2: Rewrite of gWidgets API for Simplified GUI Construction},
  author = {John Verzani},
  year = {2016},
  note = {R package version 1.0-7},
  url = {https://CRAN.R-project.org/package=gWidgets2},
}

@Manual{Chang:shiny,
  title = {shiny: Web Application Framework for R},
  author = {Winston Chang and Joe Cheng and JJ Allaire and Yihui Xie and
            Jonathan McPherson},
  year = {2018},
  note = {R package version 1.1.0},
  url = {https://CRAN.R-project.org/package=shiny},
}

@incollection{BrulsVanWijk:sqarified,
  year={2000},
  isbn={978-3-211-83515-9},
  booktitle={Data Visualization 2000},
  series={Eurographics},
  editor={de Leeuw, WillemCornelis and van Liere, Robert},
  doi={10.1007/978-3-7091-6783-0_4},
  title={Squarified Treemaps},
  url={http://dx.doi.org/10.1007/978-3-7091-6783-0_4},
  publisher={Springer Vienna},
  author={Bruls, Mark and Huizing, Kees and van Wijk, JarkeJ.},
  pages={33-42},
  language={English}
}

@misc{ShneidermanTreemaps,
    author = {Shneiderman, Ben},
    citeulike-article-id = {572192},
    howpublished = {Human-Computer interaction lab University of Maryland. Available at: http://www.cs.umd.edu/hcil/treemap-history/. Accessed November 20, 2004.},
    keywords = {visualization},
    posted-at = {2006-03-31 23:58:33},
    priority = {0},
    title = {{Treemaps for space-constrained visualization of hierarchies}},
    year = {1998}
}

@Manual{RStudio,
    title = {RStudio: Integrated Development Environment for R},
    author = {{RStudio Team}},
    organization = {RStudio, Inc.},
    address = {Boston, MA},
    year = {2015},
    url = {http://www.rstudio.com/},
}

@Manual{Chang:profvis,
    title = {profvis: Interactive Visualizations for Profiling R Code},
    author = {Winston Chang and Javier Luraschi},
    year = {2018},
    note = {R package version 0.3.5},
    url = {https://CRAN.R-project.org/package=profvis},
}
